<?xml version="1.0" encoding="UTF-8"?><collection xmlns="http://www.loc.gov/MARC21/slim"><record><leader>00579nam--2200181-i-4500</leader><controlfield tag="001">000002353</controlfield><controlfield tag="002">20161230</controlfield><controlfield tag="005">20161230201025</controlfield><controlfield tag="008">060222s1000------------r-----000-0-eng-d</controlfield><datafield ind1=" " ind2=" " tag="040"><subfield code="a">IFIN-HH</subfield></datafield><datafield ind1=" " ind2=" " tag="080"><subfield code="a">53:531.536:538.3:530.145.6</subfield></datafield><datafield ind1="1" ind2=" " tag="100"><subfield code="a">Feynman, Richard P</subfield></datafield><datafield ind1="1" ind2="0" tag="245"><subfield code="a">The feynman lectures on physics.vol. 2. the electromagnetic field</subfield><subfield code="c">Richard p. feynman, robert b. leighton, matthew sands</subfield></datafield><datafield ind1=" " ind2=" " tag="260"><subfield code="a">Reading, Massachusetts</subfield><subfield code="b">Addison-wesley Publ. Co</subfield><subfield code="c">1964</subfield></datafield><datafield ind1=" " ind2=" " tag="300"><subfield code="a">/PAG.DIF.</subfield></datafield><datafield ind1="1" ind2=" " tag="700"><subfield code="a">Sands, Matthew</subfield></datafield><datafield ind1=" " ind2=" " tag="852"><subfield code="a">21150</subfield><subfield code="c">53</subfield></datafield><datafield ind1=" " ind2=" " tag="CAT"><subfield code="a">Sys</subfield><subfield code="c">20150218</subfield><subfield code="h">094931</subfield></datafield></record></collection>